@article{yu_coupled_2023,
	title = {A coupled {SPH}–{DEM} model for erosion process of solid surface by abrasive water-jet impact},
	volume = {10},
	issn = {2196-4386},
	url = {https://doi.org/10.1007/s40571-023-00555-4},
	doi = {10.1007/s40571-023-00555-4},
	language = {en},
	number = {5},
	urldate = {2024-03-29},
	journal = {Computational Particle Mechanics},
	author = {Yu, Ran and Dong, Xiangwei and Li, Zengliang and Fan, Menghao},
	month = sep,
	year = {2023},
	keywords = {Abrasive water-jet, Discrete element method, Fluid–particle–solid interaction, Free surface flow, Smoothed particle hydrodynamics},
	pages = {1093--1112},
	file = {Yu et al_2023_A coupled SPH–DEM model for erosion process of solid surface by abrasive.pdf:/home/adepudinesh/OneDrive/Zotero/Yu et al_2023_A coupled SPH–DEM model for erosion process of solid surface by abrasive.pdf:application/pdf},
}

@article{markauskas_coupled_2019,
	title = {Coupled {DEM}-{SPH} simulations of wet continuous screening},
	volume = {30},
	issn = {09218831},
	url = {https://linkinghub.elsevier.com/retrieve/pii/S0921883119303127},
	doi = {10.1016/j.apt.2019.09.007},
	language = {en},
	number = {12},
	urldate = {2024-03-29},
	journal = {Advanced Powder Technology},
	author = {Markauskas, Darius and Kruggel-Emden, Harald},
	month = dec,
	year = {2019},
	pages = {2997--3009},
	file = {Markauskas and Kruggel-Emden - 2019 - Coupled DEM-SPH simulations of wet continuous scre.pdf:/home/adepudinesh/Zotero/storage/8EG8CZDK/Markauskas and Kruggel-Emden - 2019 - Coupled DEM-SPH simulations of wet continuous scre.pdf:application/pdf},
}

@article{he_gpu-based_2018,
	title = {A {GPU}-based coupled {SPH}-{DEM} method for particle-fluid flow with free surfaces},
	volume = {338},
	issn = {0032-5910},
	url = {https://www.sciencedirect.com/science/article/pii/S0032591018305424},
	doi = {10.1016/j.powtec.2018.07.043},
	urldate = {2024-03-29},
	journal = {Powder Technology},
	author = {He, Yi and Bayly, Andrew E. and Hassanpour, Ali and Muller, Frans and Wu, Ke and Yang, Dongmin},
	month = oct,
	year = {2018},
	keywords = {Discrete element method, Fluid-particle interaction, Free surface flow, GPU, Smoothed particle hydrodynamics, Solid-liquid flow},
	pages = {548--562},
	file = {He et al_2018_A GPU-based coupled SPH-DEM method for particle-fluid flow with free surfaces.pdf:/home/adepudinesh/OneDrive/Zotero/He et al_2018_A GPU-based coupled SPH-DEM method for particle-fluid flow with free surfaces.pdf:application/pdf;ScienceDirect Snapshot:/home/adepudinesh/Zotero/storage/VXYMXELW/S0032591018305424.html:text/html},
}

@article{zhang_numerical_2023,
	title = {Numerical simulation of dike failure using a {GPU}-based coupled {DEM}–{SPH} model},
	volume = {267},
	issn = {0045-7930},
	url = {https://www.sciencedirect.com/science/article/pii/S0045793023003158},
	doi = {10.1016/j.compfluid.2023.106090},
	urldate = {2024-03-29},
	journal = {Computers \& Fluids},
	author = {Zhang, Yu and Li, Jianwei and Xu, Yifan and Zhu, Huaxiang and Liu, Zaobao},
	month = dec,
	year = {2023},
	keywords = {DEM–SPH coupling, Dike failure, Discrete element method (DEM), Fluid–solid interaction, Smoothed particle hydrodynamics (SPH)},
	pages = {106090},
	file = {ScienceDirect Snapshot:/home/adepudinesh/Zotero/storage/64UI5YKL/S0045793023003158.html:text/html},
}

@article{sizkow_sph-dem_2021,
	title = {{SPH}-{DEM} simulations of saturated granular soils liquefaction incorporating particles of irregular shape},
	volume = {134},
	issn = {0266-352X},
	url = {https://www.sciencedirect.com/science/article/pii/S0266352X21000641},
	doi = {10.1016/j.compgeo.2021.104060},
	urldate = {2024-03-29},
	journal = {Computers and Geotechnics},
	author = {Sizkow, Saman Farzi and El Shamy, Usama},
	month = jun,
	year = {2021},
	keywords = {Discrete element method, Granular materials, Lateral spreading, Liquefaction, Smoothed particle hydrodynamic},
	pages = {104060},
	file = {ScienceDirect Snapshot:/home/adepudinesh/Zotero/storage/IRSVLV2V/S0266352X21000641.html:text/html},
}


@article{markauskas_numerical_2018,
	title = {Numerical analysis of wet plastic particle separation using a coupled {DEM}-{SPH} method},
	volume = {325},
	issn = {0032-5910},
	url = {https://www.sciencedirect.com/science/article/pii/S0032591017308902},
	doi = {10.1016/j.powtec.2017.11.021},
	urldate = {2024-04-14},
	journal = {Powder Technology},
	author = {Markauskas, Darius and Kruggel-Emden, Harald and Scherer, Viktor},
	month = feb,
	year = {2018},
	keywords = {Discrete element method, Fluid-particle interaction, Smoothed particle hydrodynamics, Solid-liquid flow, Wet particle separation},
	pages = {218--227},
}
